@article{yugi2014reconstruction,
  title={Reconstruction of insulin signal flow from phosphoproteome and metabolome data},
  author={Yugi, Katsuyuki and Kubota, Hiroyuki and Toyoshima, Yu and Noguchi, Rei and Kawata, Kentaro and Komori, Yasunori and Uda, Shinsuke and Kunida, Katsuyuki and Tomizawa, Yoko and Funato, Yosuke and others},
  journal={Cell reports},
  volume={8},
  number={4},
  pages={1171--1183},
  year={2014},
  publisher={Elsevier}
}

@article{yugi2016trans,
  title={Trans-omics: how to reconstruct biochemical networks across multiple ‘omic’layers},
  author={Yugi, Katsuyuki and Kubota, Hiroyuki and Hatano, Atsushi and Kuroda, Shinya},
  journal={Trends in biotechnology},
  volume={34},
  number={4},
  pages={276--290},
  year={2016},
  publisher={Elsevier}
}
